% Bibliography downloaded from https://researchr.org/downloadbibtex/bibliography/8466f209-d22d-4a82-aff4-e75ba08dba11-master-thesis/compact

@inproceedings{KonatEV18,
  title = {Scalable incremental building with dynamic task dependencies},
  author = {Gabriël Konat and Sebastian Erdweg and Eelco Visser},
  year = {2018},
  doi = {10.1145/3238147.3238196},
  url = {https://doi.org/10.1145/3238147.3238196},
  researchr = {https://researchr.org/publication/KonatEV18},
  cites = {0},
  citedby = {0},
  pages = {76-86},
  booktitle = {ASE},
}

@book{Appel1998,
  title = {Modern Compiler Implementation in Java},
  author = {Andrew W. Appel},
  year = {1998},
  tags = {Java, compiler},
  researchr = {https://researchr.org/publication/Appel1998},
  cites = {0},
  citedby = {0},
  publisher = {Cambridge University Press},
  isbn = {0-521-58388-8},
}

@inproceedings{KonatSEV19,
  title = {Precise, Efficient, and Expressive Incremental Build Scripts with {PIE}},
  author = {Gabriël Konat and  Roelof Sol and Sebastian Erdweg and Eelco Visser},
  year = {2019},
  researchr = {https://researchr.org/publication/KonatSEV19},
  cites = {0},
  citedby = {0},
  booktitle = {Second Workshop on Incremental Computing (IC 2019)},
}

@article{KonatSEV18,
  title = {{PIE}: A Domain-Specific Language for Interactive Software Development Pipelines},
  author = {Gabriël Konat and Michael J. Steindorfer and Sebastian Erdweg and Eelco Visser},
  year = {2018},
  doi = {10.22152/programming-journal.org/2018/2/9},
  url = {https://doi.org/10.22152/programming-journal.org/2018/2/9},
  researchr = {https://researchr.org/publication/KonatSEV18},
  cites = {0},
  citedby = {0},
  journal = {Programming},
  volume = {2},
  number = {3},
  pages = {9},
}

@inproceedings{HatchF18,
  title = {Rash: from reckless interactions to reliable programs},
  author = {William Gallard Hatch and Matthew Flatt},
  year = {2018},
  doi = {10.1145/3278122.3278129},
  url = {https://doi.org/10.1145/3278122.3278129},
  researchr = {https://researchr.org/publication/HatchF18},
  cites = {0},
  citedby = {0},
  pages = {28-39},
  booktitle = {GPCE},
}
